<?xml version="1.0" encoding="UTF-8"?><record xmlns="http://www.loc.gov/MARC21/slim" xmlns:cinclude="http://apache.org/cocoon/include/1.0" xmlns:zs="http://www.loc.gov/zing/srw/">
  <leader>00471nz  a2200145n  4500</leader>
  <controlfield tag="001">no2004021879</controlfield>
  <controlfield tag="003">DLC</controlfield>
  <controlfield tag="005">20040309052552.0</controlfield>
  <controlfield tag="008">040308n| acannaabn          |a aaa      </controlfield>
  <datafield tag="010" ind1=" " ind2=" ">
    <subfield code="a">no2004021879</subfield>
  </datafield>
  <datafield tag="035" ind1=" " ind2=" ">
    <subfield code="a">(OCoLC)oca06291330</subfield>
  </datafield>
  <datafield tag="040" ind1=" " ind2=" ">
    <subfield code="a">DLC-OB</subfield>
    <subfield code="b">eng</subfield>
    <subfield code="c">DLC-OB</subfield>
  </datafield>
  <datafield tag="100" ind1="1" ind2=" ">
    <subfield code="a">Cavalheiro, Mariângela Carvalho</subfield>
  </datafield>
  <datafield tag="400" ind1="1" ind2=" ">
    <subfield code="a">Carvalho Cavalheiro, Mariângela</subfield>
  </datafield>
  <datafield tag="670" ind1=" " ind2=" ">
    <subfield code="a">A produção literária de Júlio Ribeiro em Sorocaba, 2001:</subfield>
    <subfield code="b">t.p. (Mariângela Carvalho Cavalheiro)</subfield>
  </datafield>
</record>